@article{23297204,
  title = {{Genomic basis for coral resilience to climate change.}},
  date = {2013 Jan 22},
  source = {Proc Natl Acad Sci U S A},
  authors = {Barshis, DJ and Ladner, JT and Oliver, TA and Seneca, FO and Traylor-Knowles, N and Palumbi, SR},
  author = {Barshis, DJ and Ladner, JT and Oliver, TA and Seneca, FO and Traylor-Knowles, N and Palumbi, SR},
  year = {2013},
  month = {Jan},
  journal = {Proc Natl Acad Sci U S A},
  volume = {110},
  number = {},
  pages = {1387-92},
  pubmed_id = {23297204},
}


@article{22490231,
  title = {{Whole transcriptome analysis of the coral Acropora millepora reveals complex responses to CO₂-driven acidification during the initiation of calcification.}},
  date = {2012 May},
  source = {Mol Ecol},
  authors = {Moya, A and Huisman, L and Ball, EE and Hayward, DC and Grasso, LC and Chua, CM and Woo, HN and Gattuso, JP and Forêt, S and Miller, DJ},
  author = {Moya, A and Huisman, L and Ball, EE and Hayward, DC and Grasso, LC and Chua, CM and Woo, HN and Gattuso, JP and Forêt, S and Miller, DJ},
  year = {},
  month = {},
  journal = {Mol Ecol},
  volume = {21},
  number = {},
  pages = {2440-54},
  pubmed_id = {22490231},
}
